<?xml version="1.0" encoding="UTF-8"?><record xmlns="http://www.loc.gov/MARC21/slim" xmlns:cinclude="http://apache.org/cocoon/include/1.0" xmlns:zs="http://www.loc.gov/zing/srw/">
  <leader>00485nz  a2200133n  4500</leader>
  <controlfield tag="001">nb2010030939</controlfield>
  <controlfield tag="003">DLC</controlfield>
  <controlfield tag="005">20101122132733.0</controlfield>
  <controlfield tag="008">101118n| acannaabn          |n aaa      </controlfield>
  <datafield tag="010" ind1=" " ind2=" ">
    <subfield code="a">nb2010030939</subfield>
  </datafield>
  <datafield tag="035" ind1=" " ind2=" ">
    <subfield code="a">(Uk)007972320</subfield>
  </datafield>
  <datafield tag="040" ind1=" " ind2=" ">
    <subfield code="a">Uk</subfield>
    <subfield code="b">eng</subfield>
    <subfield code="c">Uk</subfield>
  </datafield>
  <datafield tag="100" ind1="1" ind2=" ">
    <subfield code="a">Parmila, N. K.,</subfield>
    <subfield code="d">1958-</subfield>
  </datafield>
  <datafield tag="670" ind1=" " ind2=" ">
    <subfield code="a">India's foreign policy diplomacy in 21st century, 2011:</subfield>
    <subfield code="b">t.p. (N.K. Parmila) jkt. (Dr.; b. 1958, Orissa; he is a journalist and researcher based at Bangalore who is pursuing a Ph.D. on history)</subfield>
  </datafield>
</record>